@Book{Martin2009,
  author    = {Robert C. Martin},
  publisher = {mitp},
  title     = {Clean Code: Refactoring, Patterns, Testen und Techniken f√ºr sauberen Code},
  year      = {2009},
  month     = mar,
  url       = {22.9.2025},
}

@Book{Sommerville2018,
  author    = {Ian Sommerville},
  publisher = {Pearson},
  title     = {Software Engineering},
  year      = {2018},
  url       = {28.10.2025},
}

@Comment{jabref-meta: databaseType:bibtex;}
